<collection xmlns="http://www.loc.gov/MARC21/slim">
<record>
  <leader>00378na 0a22001211i 450 </leader>
  <controlfield tag="001">IT\ICCU\CNCE\054199</controlfield>
  <controlfield tag="005">20060302000000.0</controlfield>
  <datafield tag="100" ind1=" " ind2=" ">
    <subfield code="a">20030328             0itac0103    ba</subfield>
  </datafield>
  <datafield tag="101" ind1=" " ind2=" ">
    <subfield code="a">LAT</subfield>
  </datafield>
  <datafield tag="200" ind1="1" ind2=" ">
    <subfield code="a">℗Euclidis ℗Posteriores lib. IX. Accessit XVI De solidorum ...</subfield>
  </datafield>
  <datafield tag="700" ind1=" " ind2="0">
    <subfield code="a">Euclides</subfield>
    <subfield code="3">IT\ICCU\CNCA\005103</subfield>
  </datafield>
  <datafield tag="790" ind1=" " ind2="0">
    <subfield code="a">Eukleides</subfield>
    <subfield code="3">IT\ICCU\CNCA\022554</subfield>
    <subfield code="z">Euclides</subfield>
  </datafield>
  <datafield tag="801" ind1=" " ind2="3">
    <subfield code="a">IT</subfield>
    <subfield code="b">ICCU</subfield>
    <subfield code="c">20201115</subfield>
  </datafield>
</record>
</collection>
